@article{Barasz:2014:robust,
  title = {Robust Cooperation in the Prisoner's Dilemma},
  author = {B{\'{a}}r{\'{a}}sz, Mih{\'{a}}ly and LaVictoire, Patrick and Christiano, Paul F. and Fallenstein, Benja and Herreshoff, Marcello and Yudkowsky, Eliezer},
  year = {2014},
  subtitle = {Program Equilibrium via Provability Logic},
  journal = {arXiv preprint 1401.5577 [cs.GT]},
}

@book{Boolos:1993:Logic,
  title = {The Logic of Provability},
  author = {Boolos, George},
  year = {1993},
  publisher = {Cambridge University Press},
  address = {New York},
}

@book{Carnap:1934,
  title = {Logische Syntax der Sprache},
  author = {Carnap, Rudolf},
  year = {1934},
  series = {Schriften zur Wissenschaftlichen Weltauffassung},
  volume = {8},
  publisher = {Springer Berlin Heidelberg},
}

@book{Cori:2001,
  author = {Cori, Ren{\'{e}} and Lascar, Daniel},
  title = {Mathematical Logic: A Course with Exercises},
  subtitle = {Recursion Theory, {G}{\"{o}}del's Theorems, Set Theory, Model Theory},
  volume = {Part II},
  publisher = {Oxford University Press},
  year = {2001},
  address = {New York},
}

@inproceedings{Fortnow:2009:Program,
  title = {Program Equilibria and Discounted Computation Time},
  author = {Fortnow, Lance},
  booktitle = {{TARK} '09: 12th Conference on Theoretical Aspects of Rationality and Knowledge},
  year = {2009},
  location = {New York},
  pages = {128--133},
  publisher = {ACM Press},
}

@inproceedings{LaVictoire:2014:program,
  title = {Program Equilibrium in the Prisoner's Dilemma via {L}{\"{o}}b's {T}heorem},
  author = {Patrick LaVictoire and Benja Fallenstein and Eliezer Yudkowsky and Mih{\'{a}}ly B{\'{a}}r{\'{a}}sz and Paul Christiano and Marcello Herreshoff},
  year = {2014},
  booktitle = {Multiagent Interaction without Prior Coordination: Papers from the {AAAI}-14 Workshop},
  publisher = {AAAI Publications},
}

@book{Megill:2007,
  title = {Metamath, A Computer Language for Pure Mathematics},
  author = {Norman Megill},
  year = {2007},
  publisher = {Lulu Press},
  address = {Morrisville, NC, USA},
}

@incollection{Pudlak:1998,
  author = {Pavel Pudl{\'{a}}k},
  title = {The Lengths of Proofs},
  year = {1998},
  booktitle = {Handbook of Proof Theory},
  series = {Studies in Logic and the Foundations of Mathematics},
  editor = {Buss, Samuel R.},
  publisher = {Elsevier},
  address = {Amsterdam},
  volume = {137},
  pages = {547--637},
}

@unpublished{Tarau:2013,
  title = {Bijective Size-proportionate {G}{\"{o}}del Numberings for Term Algebras},
  author = {Tarau, Paul},
  url = {http://logic.cse.unt.edu/tarau/research/2013/cgoedel.pdf},
  year = {2013},
  howpublished = {Unpublished manuscript},
  note = {Unpublished manuscript},
}

@article{Tennenholtz:2004:Program,
  title = {Program Equilibrium},
  author = {Tennenholtz, Moshe},
  journal = {Games and Economic Behavior},
  year = {2004},
  number = {2},
  pages = {363--373},
  volume = {49},
  publisher = {Elsevier},
}

@inproceedings{Tsai:2002,
  title = {A Space-efficient {G}{\"{o}}del Numbering with Chinese Remainder Theorem},
  author = {Tsai, Shi-Chun and Chang, Jen-Chun and Chen, Rong-Jaye},
  booktitle = {19th Workshop on Combinatorial Mathematics and Computation Theory},
  year = {2002},
  pages = {192--195},
}