
%%% CHECK the ordering of names when book is released
@proceedings{Miller:2015,
  title = {The Technological Singularity: Managing the Journey},
  editor = {Miller, Jim and Yampolskiy, Roman and Armstrong, Stuart and Callaghan, Vic}, 
  year = {\autocap{f}orthcoming},
  publisher = {Springer},
  volume = {2},
  doi = {?},
%  location = {?},
%  number = {?},
%  series = {?},
}



%%% To-be-vetted

@article{Kleene:1952,
  title = {Introduction to metamathematics},
  author = {Kleene, Stephen Cole},
  year = {1952},
}

@article{Hofstadter:1983,
  title = {Dilemmas for superrational thinkers, leading up to a luring lottery},
  author = {Hofstadter, DR},
  journal = {Scientific American},
  volume = {6},
  year = {1983},
}


%%% Towards Idealized Decision Theory Bibliography

@Article{LeCun:2015,
  author = {LeCun, Yann and Bengio, Yoshua and Hinton, Geoffrey},
  title = {Deep learning},
  journal = {Nature},
  year = {2015},
  month = {May},
  day = {28},
  publisher = {Nature Publishing Group, a division of Macmillan Publishers Limited. All Rights Reserved.},
  volume = {521},
  number = {7553},
  pages = {436-444},
  issn = {0028-0836},
  url = {http://dx.doi.org/10.1038/nature14539}
}


@article{Johnston:2004,
  title = {Adversarial safety analysis: Borrowing the methods of security vulnerability assessments},
  author = {Johnston, Roger G},
  journal = {Journal of safety research},
  volume = {35},
  number = {3},
  pages = {245--248},
  year = {2004},
  publisher = {Elsevier}
}

@inproceedings{Salter:1998,
  title = {Toward a secure system engineering methodolgy},
  author = {Salter, Chris and Saydjari, O Sami and Schneier, Bruce and Wallner, Jim},
  booktitle = {Proceedings of the 1998 workshop on New security paradigms},
  pages = {2--10},
  year = {1998},
  organization = {ACM}
}

@article{Laffont:2000,
  title = {Mechanism design with collusion and correlation},
  author = {Laffont, Jean-Jacques and Martimort, David},
  journal = {Econometrica},
  volume = {68},
  number = {2},
  pages = {309--342},
  year = {2000},
  publisher = {Wiley Online Library}
}

@inproceedings{Nisan:1999,
  title = {Algorithmic mechanism design},
  author = {Nisan, Noam and Ronen, Amir},
  booktitle = {Proceedings of the thirty-first annual ACM symposium on Theory of computing},
  pages = {129--140},
  year = {1999},
  organization = {ACM}
}

@inproceedings{McSherry:2007,
  title = {Mechanism design via differential privacy},
  author = {McSherry, Frank and Talwar, Kunal},
  booktitle = {Foundations of Computer Science, 2007. FOCS'07. 48th Annual IEEE Symposium on},
  pages = {94--103},
  year = {2007},
  organization = {IEEE}
}

@inproceedings{Barreno:2006,
  title = {Can machine learning be secure?},
  author = {Barreno, Marco and Nelson, Blaine and Sears, Russell and Joseph, Anthony D and Tygar, J Doug},
  booktitle = {Proceedings of the 2006 ACM Symposium on Information, computer and communications security},
  pages = {16--25},
  year = {2006},
  organization = {ACM}
}

@inproceedings{Liao:2011,
  title = {Secure Machine Learning, A Brief Overview},
  author = {Liao, Xiaofeng and Ding, Liping and Wang, Yongji},
  booktitle = {Secure Software Integration \& Reliability Improvement Companion (SSIRI-C), 2011 5th International Conference on},
  pages = {26--29},
  year = {2011},
  organization = {IEEE}
}

@inproceedings{Lowd:2005a,
  title = {Adversarial learning},
  author = {Lowd, Daniel and Meek, Christopher},
  booktitle = {Proceedings of the eleventh ACM SIGKDD international conference on Knowledge discovery in data mining},
  pages = {641--647},
  year = {2005},
  organization = {ACM}
}

@article{Biggio:2014,
  title = {Security evaluation of pattern classifiers under attack},
  author = {Biggio, Battista and Fumera, Giorgio and Roli, Fabio},
  journal = {Knowledge and Data Engineering, IEEE Transactions on},
  volume = {26},
  number = {4},
  pages = {984--996},
  year = {2014},
  publisher = {IEEE}
}

@inproceedings{Perdisci:2006,
  title = {Misleading worm signature generators using deliberate noise injection},
  author = {Perdisci, Roberto and Dagon, David and Lee, Wenke and Fogla, Prahlad and Sharif, Monirul},
  booktitle = {Security and Privacy, 2006 IEEE Symposium on},
  pages = {15--pp},
  year = {2006},
  organization = {IEEE}
}

@article{Song:2010,
  title = {On the infeasibility of modeling polymorphic shellcode},
  author = {Song, Yingbo and Locasto, Michael E and Stavrou, Angelos and Keromytis, Angelos D and Stolfo, Salvatore J},
  journal = {Machine learning},
  volume = {81},
  number = {2},
  pages = {179--205},
  year = {2010},
  publisher = {Springer}
}

@inproceedings{Fogla:2006,
  title = {Evading network anomaly detection systems: formal reasoning and practical techniques},
  author = {Fogla, Prahlad and Lee, Wenke},
  booktitle = {Proceedings of the 13th ACM conference on Computer and communications security},
  pages = {59--68},
  year = {2006},
  organization = {ACM}
}

@article{Venkataraman:2008,
  title = {Limits of learning-based signature generation with adversaries},
  author = {Venkataraman, Shobha and Blum, Avrim and Song, Dawn},
  year = {2008},
  publisher = {Internet Society}
}

@inproceedings{Lowd:2005b,
  title = {Good Word Attacks on Statistical Spam Filters.},
  author = {Lowd, Daniel and Meek, Christopher},
  booktitle = {CEAS},
  year = {2005}
}

@article{Kearns:1993,
  title = {Learning in the presence of malicious errors},
  author = {Kearns, Michael and Li, Ming},
  journal = {SIAM Journal on Computing},
  volume = {22},
  number = {4},
  pages = {807--837},
  year = {1993},
  publisher = {SIAM}
}

@inproceedings{Dalvi:2004,
  title = {Adversarial classification},
  author = {Dalvi, Nilesh and Domingos, Pedro and Sanghai, Sumit and Verma, Deepak and others},
  booktitle = {Proceedings of the tenth ACM SIGKDD international conference on Knowledge discovery and data mining},
  pages = {99--108},
  year = {2004},
  organization = {ACM}
}

@inproceedings{Nelson:2006,
  title = {Bounding an attackâ€™s complexity for a simple learning model},
  author = {Nelson, Blaine and Joseph, Anthony D},
  booktitle = {Proc. of the First Workshop on Tackling Computer Systems Problems with Machine Learning Techniques (SysML), Saint-Malo, France},
  year = {2006},
  organization = {Citeseer}
}

@inproceedings{Kloft:2007,
  title = {A poisoning attack against online anomaly detection},
  author = {Kloft, Marius and Laskov, Pavel},
  booktitle = {NIPS Workshop on Machine Learning in Adversarial Environments for Computer Security},
  year = {2007}
}

@inproceedings{Laskov:2009,
  title = {A framework for quantitative security analysis of machine learning},
  author = {Laskov, Pavel and Kloft, Marius},
  booktitle = {Proceedings of the 2nd ACM workshop on Security and artificial intelligence},
  pages = {1--4},
  year = {2009},
  organization = {ACM}
}

@article{Sharkey:2009,
  title = {Weapons of indiscriminate lethality},
  author = {Sharkey, Noel},
  journal = {FIfF Kommunikation},
  volume = {1},
  number = {9},
  pages = {26--28},
  year = {2009}
}

@inproceedings{Tyugu:2012,
  title = {Command and control of cyber weapons},
  author = {Tyugu, Enn},
  booktitle = {Cyber conflict (CYCON), 2012 4th international conference on},
  pages = {1--11},
  year = {2012},
  organization = {IEEE}
}

@book{Arkin:2009,
  title = {Governing lethal behavior in autonomous robots},
  author = {Arkin, Ronald},
  year = {2009},
  publisher = {CRC Press}
}

@techreport{Lin:2008,
  title = {Autonomous military robotics: Risk, ethics, and design},
  author = {Lin, Patrick and Bekey, George and Abney, Keith},
  year = {2008},
  institution = {DTIC Document}
}

@article{Clough:2005,
  title = {Unmanned aerial vehicles: autonomous control challenges, a researcher's perspective},
  author = {Clough, Bruce T},
  journal = {Journal of Aerospace Computing, Information, and Communication},
  volume = {2},
  number = {8},
  pages = {327--347},
  year = {2005}
}

@article{Arkin:2012,
  title = {Moral decision making in autonomous systems: enforcement, moral emotions, dignity, trust, and deception},
  author = {Arkin, Ronald Craig and Ulam, Patrick and Wagner, Alan R},
  journal = {Proceedings of the IEEE},
  volume = {100},
  number = {3},
  pages = {571--589},
  year = {2012},
  publisher = {IEEE}
}


%%% IJCAI Bibliography Import

@book{ abelson-et-al:scheme,
  author = "Harold Abelson and Gerald~Jay Sussman and Julie Sussman",
  title = "Structure and Interpretation of Computer Programs",
  publisher = "MIT Press",
  address = "Cambridge, Massachusetts",
  year = "1985"
}

@inproceedings{ bgf:Lixto,
  author = "Robert Baumgartner and Georg Gottlob and Sergio Flesca",
  title = "Visual Information Extraction with {Lixto}",
  booktitle = "Proceedings of the 27th International Conference on Very Large Databases",
  pages = "119--128",
  publisher = "Morgan Kaufmann",
  address = "Rome, Italy",
  month = "September",
  year = "2001"
}

@article{ brachman-schmolze:kl-one,
  author = "Ronald~J. Brachman and James~G. Schmolze",
  title = "An overview of the {KL-ONE} knowledge representation system",
  journal = "Cognitive Science",
  volume = "9",
  number = "2",
  pages = "171--216",
  month = "April--June",
  year = "1985"
}

@article{ gottlob:nonmon,
  author = "Georg Gottlob",
  title = "Complexity results for nonmonotonic logics",
  journal = "Journal of Logic and Computation",
  volume = "2",
  number = "3",
  pages = "397--425",
  month = "June",
  year = "1992"
}

@article{ gls:hypertrees,
  author = "Georg Gottlob and Nicola Leone and Francesco Scarcello",
  title = "Hypertree Decompositions and Tractable Queries",
  journal = "Journal of Computer and System Sciences",
  volume = "64",
  number = "3",
  pages = "579--627",
  month = "May",
  year = "2002"
}

@article{ levesque:functional-foundations,
  author = "Hector~J. Levesque",
  title = "Foundations of a functional approach to knowledge representation",
  journal = "Artificial Intelligence",
  volume = "23",
  number = "2",
  pages = "155--212",
  month = "July",
  year = "1984"
}

@inproceedings{ levesque:belief,
  author = "Hector~J. Levesque",
  title = "A logic of implicit and explicit belief",
  booktitle = "Proceedings of the Fourth National Conference on Artificial Intelligence",
  publisher = "American Association for Artificial Intelligence",
  pages = "198--202",
  address = "Austin, Texas",
  month = "August",
  year = "1984"
}

@article{ nebel:jair-2000,
  author = "Bernhard Nebel",
  title = "On the compilability and expressive power of propositional planning formalisms",
  journal = "Journal of Artificial Intelligence Research",
  volume = "12",
  pages = "271--315",
  year = "2000"
}



%%%CITATIONS FROM KATJA's ASILOMAR AND SZILARD PAPERS%%%

@book{Rhodes:1971,
  address = {New York},
  edition = {1st edition},
  title = {The Making of the Atomic Bomb},
  isbn = {9780671657192},
  publisher = {Simon and Schuster},
  author = {Rhodes, Richard},
  year = {1971},
}

@book{Lanouette:1992,
  title = {Genius in the Shadows: A Biography of Leo Szilard},
  author = {Lanouette, William},
  subtitle = {the Man Behind the Bomb},
  isbn = {9780684190112},
  publisher = {C. Scribner's Sons},
  address = {New York},
  year = {1992},
}

@misc{Wellerstein:2014,
  title = {Restricted Data: The Nuclear Secrecy Blog},
  shorttitle = {Restricted Data},
  author = {Wellerstein, Alex},
  url = {http://blog.nuclearsecrecy.com},
  abstract = {Restricted Data is a blog about nuclear secrecy, past and present, run by Alex Wellerstein, an historian of science.},
  urldate = {2014-11-21},
  journal = {Restricted Data: The Nuclear Secrecy Blog},
  author = {Wellerstein, Alex},
  file = {Snapshot:/Users/caitlingrace/Library/Application Support/Zotero/Profiles/iq0ft0jf.default/zotero/storage/I59KRDAN/blog.nuclearsecrecy.com.html:text/html},
}

@article{Wellerstein:2014a,
  title = {Death dust, 1941},
  author = {Wellerstein, Alex},
  journal = {Restricted Data: The Nuclear Secrecy Blog},
  date = {2014-03-07},
  entrysubtype = {magazine},
  location = {blog},
  url = {http://blog.nuclearsecrecy.com/2014/03/07/death-dust-1941/},
}

@article{Wellerstein:2011,
  title = {Thoughts on Recent Bio-Secrecy},
  author = {Wellerstein, Alex},
  journal =  {Restricted Data: The Nuclear Secrecy Blog},
  date = {2011-12-21},
  entrysubtype = {magazine},
  location = {blog},
  url = {http://blog.nuclearsecrecy.com/2011/12/21/thoughts-on-recent-bio-secrecy/},
}

@article{Wellerstein:2013,
  title = {The Price of the Manhattan Project},
  author = {Wellerstein, Alex},
  journal = {Restricted Data: The Nuclear Secrecy Blog},
  date = {2013-05-17},
  entrysubtype = {magazine},
  location = {blog},
  url = {http://blog.nuclearsecrecy.com/2013/05/17/the-price-of-the-manhattan-project/},
}

@article{Wellerstein:2011a,
  title = {The Secret Patents for the Atomic Bomb},
  author = {Wellerstein, Alex},
  journal = {alexwellerstein.com},
  entrysubtype = {magazine},
  location = {website},
  date = {2011-08-01},
  urldate = {2015-05-07},
  url = {http://alexwellerstein.com/atomic_patents/},
}

@article{Wellerstein:2014b,
  title = {Szil{\'{a}}rd's Chain Reaction: Visionary or Crank?},
  author = {Wellerstein, Alex},
  journal = {Restricted Data: The Nuclear Secrecy Blog},
  date = {2014-05-16},
  entrysubtype = {magazine},
  location = {blog},
  url = {http://blog.nuclearsecrecy.com/2014/05/16/szilards-chain-reaction/},
}

@book{Goudsmit:1996,
  title = {Alsos},
  isbn = {9781563964152},
  language = {en},
  publisher = {Springer Science \& Business Media},
  author = {Goudsmit, Samuel A.},
  month = {aug},
  year = {1996},
  keywords = {Science / Physics / General, Science / Physics / Nuclear, Technology \& Engineering / Military Science},
}

@online{Gustafsson:2001,
  title = {The Rutherford Experiment},
  author = "{Gustafsson Group}",
  url = {http://www.physics.rutgers.edu/~tianfeng/meis_1205/Rutherford.htm},
  date = {2001-02-01},
  urldate = {2015-05-07},
  organization = {Rutgers School of Arts and Sciences},
}

@article{Weart:1976,
  title = {Scientists with a Secret},
  author = {Weart, Spencer R.},
  journal = {Physics Today},
  volume = {29},
  number = {2},
  pages = {23--30},
  year = {1976},
  url = {http://www.chymist.com/Scientists%20with%20a%20secret.pdf},
}

@book{Goodchild:2004,
  title = {Edward Teller: The Real Dr. Strangelove},
  author = {Goodchild, Peter},
  isbn = {9780674016699},
  lccn = {2004054257},
  year = {2004},
  publisher = {Harvard University Press},
}

@article{Marwell:2003,
  title = {In Bad Days, Science Must Muzzle Itself},
  author = {Marwell, Jeremy C.},
  journal = {Los Angeles Times},
  date = {2003-03-04},
  entrysubtype = {newspaper},
  url = {http://articles.latimes.com/2003/mar/04/opinion/oe-marwell4},
}

@book{Monk:2013,
  title = {Robert Oppenheimer: A Life Inside the Center},
  author = {Monk, Robert},
  isbn = {9780385504133},
  year = {2013},
  publisher = {Knopf Doubleday Publishing Group},
}

@online{Wellerstein:2015,
  title = {Interview with Alex Wellerstein},
  author = {Wellerstein, Alex and Grace, Katja},
  year = {2015},
  url = {https://docs.google.com/document/d/1efDOdo4UMK6MZOwKMA424baUbi5FGNKpOnhEO4Fbq7Q/edit?usp=sharing},
  howpublished = {Conversation notes},
}

@online{Rhodes:2015,
  title = {Notes on a Conversation with Richard Rhodes},
  author = {Rhodes, Richard and Grace, Katja},
  year = {2015},
  url = {https://docs.google.com/document/d/1OZE3gNyLe1YF9Qgob-OyvvuP994i43yFsUyGMvF2vpE/edit?usp=sharing},
  howpublished = {Conversation notes},
}

@article{BBC:1945,
  title = {1945: US drops atomic bomb on Hiroshima},
  author = "{British Broadcasting Corporation}",
  journal = {bbc.co.uk},
  urldate = {2004-08-03},
  entrysubtype = {website},
  url = {http://news.bbc.co.uk/onthisday/hi/dates/stories/august/6/newsid_3602000/3602189.stm},
}

@article{Brookings:2001,
  title = {The Costs of the Manhattan Project},
  author = "{The Brookings Institution}",
  journal = {brookings.edu},
  urldate = {2001-02-01},
  entrysubtype = {website},
  url = {http://www.brookings.edu/about/projects/archive/nucweapons/manhattan},
}

@misc{Patent:1907,
  title = {Patents and Designs Act},
  chapter = {29},
  number = {7 Edw. 7},
  year = {1907},
  howpublished = {UK Government Legislation},
  url = {http://www.legislation.gov.uk/ukpga/1907/29/pdfs/ukpga_19070029_en.pdf},
}

@online{Zuljan:2003,
  title = {Allied and Axis GDP},
  author = {Zuljan, Ralph},
  url = {http://web.archive.org/web/20140806030313/http://www.onwar.com/articles/0302.htm},
  year = {2003},
  organization = {OnWar.com},
}

@online{MPHPA:2005,
  title = {Early Government Support},
  author = "{MPHPA}",
  url = {http://web.archive.org/web/20120218120823/http://www.mphpa.org/classic/HISTORY/H-04.htm},
  year = {2005},
  organization = {The Manhattan Project Heritage Preservation Association, Inc.},
}

@online{Nobel:2013,
  title = {James Chadwick - Facts},
  author = {nobelprize.org},
  url = {http://www.nobelprize.org/nobel_prizes/physics/laureates/1935/chadwick-facts.html},
  date = {2013-06-20},
  urldate = {2015-05-07},
  organization = {Nobel Media AB 2014},
}

@book{Smith:2008,
  title = {Doomsday Men: The Real Dr Strangelove and the Dream of the Superweapon},
  author = {Smith, Peter D.},
  isbn= {9780141910321},
  year = {2008},
  publisher = {Penguin Books Limited},
}

@online{Atomic:2014,
  title = {Leo Szil{\'{a}}rd},
  author = {atomicheritage.org},
  url = {http://www.atomicheritage.org/profile/leo-szilard},
  date = {2014-06-20},
  organization = {Atomic Heritage Foundation},
}

@online{Grace:2014a,
  title = {Discontinuity from Nuclear Weapons},
  author = {Grace, Katja and Christiano, Paul},
  url = {http://aiimpacts.org/discontinuity-from-nuclear-weapons/},
  date = {2014-12-31},
  organization = {AIImpacts.org},
}

@online{Britannica:2014,
  title = {World War II},
  author = {Hughes, Thomas A.},
  url = {http://www.britannica.com/EBchecked/topic/648813/World-War-II},
  date = {2014-12-18},
  urldate = {2015-05-07},
  organization = {Encyclop{\ae}dia Britannica Online},
}

@online{Britannica:2013,
  title = {Petroleum},
  author = {Atwater, Gordon I.},
  url = {http://www.britannica.com/EBchecked/topic/454269/petroleum/#toc50694},
  date = {2013-07-11},
  urldate = {2015-05-07},
  organization = {Encyclop{\ae}dia Britannica Online},
}

@online{Britannica:2014a,
  title = {Coal},
  subtitle = {Fossil fuel},
  author = {Kopp, Otto C.},
  url = {http://www.britannica.com/EBchecked/topic/122863/coal/#toc259096},
  date = {2014-07-23},
  urldate = {2015-05-07},
  organization = {Encyclop{\ae}dia Britannica Online},
}

@online{Britannica:2014b,
  title = {Natural Gas},
  author = {Carruthers, John E.},
  url = {http://www.britannica.com/EBchecked/topic/406163/natural-gas/#toc50586},
  date = {2014-04-14},
  urldate = {2015-05-07},
  organization = {Encyclop{\ae}dia Britannica Online},
}

@online{Britannica:2015,
  title = {Geothermal Energy},
  subtitle = {Physics},
  author = {Lund, John W.},
  url = {http://www.britannica.com/EBchecked/topic/230403/geothermal-energy/302400/Electric-power-generation},
  date = {2015-04-19},
  urldate = {2015-05-07},
  organization = {Encyclop{\ae}dia Britannica Online},
}

@online{Britannica:2014c,
  title = {Sail},
  subtitle = {Watercraft part},
  author = "{The editors of Encyclop{\ae}dia Britannica}",
  url = {http://www.britannica.com/EBchecked/topic/516599/sail},
  date = {2014-12-11},
  urldate = {2015-05-07},
  organization = {Encyclop{\ae}dia Britannica Online},
}

@online{Britannica:2015a,
  title = {Manhattan Project},
  subtitle = {United States history},
  author = "{The editors of Encyclop{\ae}dia Britannica}",
  url = {http://www.britannica.com/EBchecked/topic/362098/Manhattan-Project},
  date = {2015-04-16},
  urldate = {2015-05-08},
  organization = {Encyclop{\ae}dia Britannica Online},
}

@online{EIA:2015,
  title = {What is U.S. electricity generation by energy source?},
  author = "{U.S. Energy Information Administration}",
  url = {http://www.eia.gov/tools/faqs/faq.cfm?id=427&t=3},
  date = {2015-03-31},
  urldate = {2015-05-07},
  organization = {U.S. Department of Energy},
}

@online{Energy:2004,
  title = {History of Hydropower},
  author = {Energy.gov},
  url = {http://energy.gov/eere/water/history-hydropower},
  date = {2004-04-12},
  urldate = {2015-05-07},
  organization = {U.S. Department of Energy},
}

@article{Berna:2012,
  title = {Microstratigraphic evidence of in situ fire in the Acheulean strata of Wonderwerk Cave, Northern Cape province, South Africa},
  author = {Berna, Francesco and Goldberg, Paul and Horwitz, Liora Kolska and Brink, James and Holtd, Sharon and Bamford, Marion and Chazan, Michael},
  journal = {Proceedings of the National Academy of Sciences of the United States of America},
  shorttitle = {Microstratigraphic Evidence of in situ Fire},
  year = {2012},
  doi = {10.1073/pnas.1117620109},
  number = {20},
  pages = {E1215--E1220},
  volume = {109},
}

@online{Aristophanes:417,
  title = {The Clouds},
  author = {Aristophanes},
  translator = {Hickie, William James},
  url = {http://www.gutenberg.org/files/2562/2562-h/2562-h.htm},
  year = {417 B.C.},
  urldate = {2015-05-07},
  organization = {Project Gutenberg},
}

@article{Grady:2011,
  title = {Seeing Terror Risk, U.S. Asks journals to Cut Flu Study Facts},
  author = {Grady, Denise and Broad, William J.},
  journal = {New York Times},
  date = {2011-12-20},
  entrysubtype = {magazine},
  url = {http://www.nytimes.com/2011/12/21/health/fearing-terrorism-us-asks-journals-to-censor-articles-on-virus.html},
}

@article{Parker:2009,
  title = {Picking Letters, 10 a Day, That Reach Obama},
  author = {Parker, Ashley},
  journal = {New York Times},
  date = {2009-04-19},
  entrysubtype = {magazine},
  url = {http://www.nytimes.com/2009/04/20/us/politics/20letters.html},
}

@book{Bernstein:1996,
  title = {Hitler's Uranium Club: The Secret Recordings at Farm Hall},
  author = {Bernstein, Jeremy},
  isbn = {1-56396-258-6},
  year = {1996},
  publisher = {AIP Press},
  address = {Woodbury, New York},
}

@patent{Szilard:1934,
  title = {Improvements in or relating to the transmutation of chemical elements},
  author = {Szil{\'{a}}rd, Le{\'{o}}},
  year = {1934},
  number = {GB630726},
  url = {http://worldwide.espacenet.com/publicationDetails/biblio?CC=GB&NR=630726},
  urldate = {2015-05-08},
  organization = {Espacenet},
}

@online{Chemistry:2001,
  title = {The Discovery of Radioactivity},
  author = "{Duke University Department of Chemistry}",
  url = {http://people.chem.duke.edu/~jds/cruise_chem/nuclear/discovery.html},
  date = {2001-02-01},
  urldate = {2015-05-08},
  organization = {Duke University},
}

@online{Nobel:2001,
  title = {Otto Hahn - Biographical},
  author = {nobelprize.org},
  url = {http://www.nobelprize.org/nobel_prizes/chemistry/laureates/1944/hahn-bio.html},
  date = {2001-02-01},
  urldate = {2015-05-08},
  organization = {Nobel Media AB 2014},
}

@misc{Berg:1995,
  title = {The recombinant DNA controversy: Twenty years later},
  author = {Berg, Paul and Singer, Maxine F.},
  journal = {Proceedings of the National Academy of Sciences of the United States of America},
  year = {1995},
  number = {20},
  pages = {9011--9013},
  volume = {92},
  url = {http://www.pnas.org/content/92/20/9011.full.pdf},
}

@misc{Berg:1971,
  title = {Paul Berg, Herbert W. Boyer, and Stanley N. Cohen},
  author = "{Chemical Heritage Foundation}",
  institution = {Chemical Heritage Foundation},
  url = {http://www.chemheritage.org/discover/online-resources/chemistry-in-history/themes/pharmaceuticals/preserving-health-with-biotechnology/berg-boyer-cohen.aspx},
  date = {2010-12},
  keywords = {Recombinant DNA},
  urldate = {2015-05-25},
}

@misc{Baltimore:2015,
  title = {Notes on a Conversation with David Baltimore},
  author = {Baltimore, David and Grace, Katja},
  year = {2015},
  url = {https://docs.google.com/document/d/1ycXT0htU8nOkHV1NrP5AbMKgAQAyZ4k_Nlo_mzWF4ZI/edit?usp=sharing},
  howpublished = {Conversation notes},
}

@misc{Berg:2015,
  title = {Notes on a Conversation with Paul Berg},
  author = {Berg, Paul and Grace, Katja},
  year = {2015},
  url = {https://docs.google.com/document/d/1eYpt0oQz80l9LTNb8tCvEaVzKSLslJ15XLBA0PVzGZg/edit?usp=sharing},
  howpublished = {Conversation notes},
}

@misc{Church:2015,
  title = {Notes on a Conversation with George Church},
  author = {Church, George and Grace, Katja},
  year = {2015},
  url = {https://docs.google.com/document/d/1rNRz4HPP0f9cH9KVLnAFY4IvOplKusgYt-BPAQGea2k/edit?usp=sharing},
  howpublished = {Conversation notes},
}

@online{Berger:2015,
  title = {Notes on a conversation between {A}lexander {B}erger, {P}aul {C}hristiano and {K}atja {G}race},
  author = {Berger, Alexander and Christiano, Paul and Grace, Katja},
  url = {https://docs.google.com/document/d/1oD0Ti9WiET3mTKBfowxWJaosV1OdnBl5jK8DYb-bWmc/edit?usp=sharing},
  year = {2015},
  howpublished = {Conversation notes},
}

@misc{Berg:2004,
  title = {Asilomar and Recombinant DNA},
  author = {Berg, Paul},
  url = {http://www.nobelprize.org/nobel_prizes/chemistry/laureates/1980/berg-article.html},
  date = {2004-08-26},
  keywords = {Recombinant DNA},
  urldate = {2004-08-26},
  organization = {Nobelprize.org},
}

@unpublished{Singer:1975,
  title = {Letter from Maxine Singer to Willard Gaylin},
  author = {Singer, Maxine},
  year = {1975},
  url = {http://profiles.nlm.nih.gov/ps/retrieve/ResourceMetadata/DJBBHM},
  howpublished = {Letter},
  %date = {1975-04-30},
}

@Video{Berg:VID,
  title = {Outrage over recombinant DNA, Paul Berg},
  author = {Berg, Paul},
  organization = {DNA Learning Center, Cold Spring Harbor Laboratory},
  url = {http://www.dnalc.org/view/15018-Outrage-over-recombinant-DNA-Paul-Berg.html},
}

@misc{Bourne:2011,
  title = {Paths to Innovation},
  author = {Bourne, Henry R.},
  subtitle = {Discovering Recombinant DNA, Oncogenes, and Prions, in One Medical School, Over One Decade},
  year = {2011},
  keywords = {medical humanities, recombinant DNA},
  doi = {9780983463924},
  location = {Oakland, CA},
  publisher = {University of California Press},
}

@misc{Krimsky:1982,
  title = {Genetic Alchemy},
  author = {Krimsky, Sheldon},
  subtitle = {The Social History of the Recombinant DNA Controversy},
  year = {1982},
  keywords = {Recombinant DNA},
  doi = {978-0262610384},
  location = {Cambridge, Mass},
  publisher = {MIT Press},
}

@misc{Nobel:Prize,
  title = {All Nobel Prizes},
  author = "{Nobel Media}",
  url = {http://www.nobelprize.org/nobel_prizes/lists/all/},
  year = {2015},
  keywords = {Nobel Prize},
  urldate = {2015-05-08},
  organization = {Nobelprize.org},
}

@Report{Berg:1975a,
  title = {Report of the Organizing Committee of the Asilomar Conference on Recombinant DNA Molecules},
  author = {Berg, Paul and Baltimore, David and Brenner, Sydney and Roblin, Richard O. and Singer, Maxine F.},
  date = {1975-02-27},
  keywords = {Recombinant DNA},
  location = {Pacific Grove, CA},
}

@video{Berg:2011,
  title = {Paul Berg (Stanford): Recombinant DNA and Science Policy},
  author = "{iBio Magazine}",
  date = {2011-11-18},
  organization = {iBiology.org},
  url = {https://www.youtube.com/watch?v=QSKe15I4vyM},
}

@video{Boyer:VID,
  title = {Feelings at Asilomar meeting, Herbert Boyer},
  author = {Boyer, Herbert},
  organization = {DNA Learning Center, Cold Spring Harbor Laboratory},
  url = {http://www.dnalc.org/view/15031-Feelings-at-Asilomar-meeting-Herbert-Boyer.html},
}

@video{Watson:VID,
  title = {Initial feelings on Asilomar meeting, James Watson},
  author = {Watson, James},
  organization = {DNA Learning Center, Cold Spring Harbor Laboratory},
  url = {http://www.dnalc.org/view/15423-Initial-feelings-on-Asilomar-meeting-James-Watson.html},
}

@video{Brenner:VID,
  title = {The Media at Asilomar, Sydney Brenner},
  author = {Brenner, Sydney},
  organization = {DNA Learning Center, Cold Spring Harbor Laboratory},
  url = {http://www.dnalc.org/view/15284-The-media-at-Asilomar-Sydney-Brenner.html},
}

@video{McElheny:VID,
  title = {Reaction of Young Scientists to Asilomar, Victor McElheny},
  author = {McElheny, Victor},
  organization = {DNA Learning Center, Cold Spring Harbor Laboratory},
  url = {http://www.dnalc.org/view/15135-Reaction-of-young-scientists-to-Asilomar-Victor-McElheny.html},
}

@misc{Krimsky:2005,
  title = {From Asilomar to Industrial Biotechnology},
  author = {Krimsky, Sheldon},
  journal = {Science as Culture},
  year = {2005},
  doi = {10.1080=09505430500368998},
  number = {4},
  pages = {309--323},
  volume = {14},
}

@unpublished{Singer:1978,
  title = {Letter from Maxine Singer to Kathleen K. Schmitz and Karl F. Johnson},
  author = {Singer, Maxine},
  year = {1978},
  url = {http://profiles.nlm.nih.gov/ps/retrieve/ResourceMetadata/DJBBKQ},
  keywords = {Genetic Research, Risk, Regulation, and Scientific Citizenship: The Controversy over Recombinant DNA Research},
  howpublished = {Letter},
  %date = {1978-11-27},
}

@unpublished{Singer:1976,
  title = {Letter from Maxine Singer to Francesco Blasi},
  author = {Singer, Maxine},
  year = {1976},
  url = {http://profiles.nlm.nih.gov/ps/retrieve/ResourceMetadata/DJBBDM},
  keywords = {Risk, Regulation, and Scientific Citizenship: The Controversy over Recombinant DNA Research},
  howpublished = {Letter},
  %date = {1976-03-03},
}

@unpublished{Baltimore:1975,
  title = {Letter from David Baltimore to Fred C. Ikle},
  author = {Baltimore, David},
  year = {1975},
  url = {http://profiles.nlm.nih.gov/ps/retrieve/ResourceMetadata/DJBBHN},
  keywords = {Risk, Regulation, and Scientific Citizenship: The Controversy over Recombinant DNA Research},
  howpublished = {Letter},
  %date = {1975-05-22},
}

@unpublished{Singer:1977,
  title = {Testimony of Maxine Singer before the California State Legislature},
  author = {Singer, Maxine},
  year = {1977},
  url = {http://profiles.nlm.nih.gov/ps/retrieve/ResourceMetadata/DJBBJK},
  keywords = {Risk, Regulation, and Scientific Citizenship: The Controversy over Recombinant DNA Research},
  howpublished = {Testimony before the California State Legislature},
  %date = {1977-01-28},
}

@collection{Frickel:2005,
  title = {The New Political Sociology of Science},
  subtitle = {Science and Technology in Society},
  editor = {Frickel, Scott and Moore, Kelly},
  year = {2005},
  location = {Madison, WI},
  publisher = {University of Wisconsin Press},
}

@Report{Brenner:1975,
  title = {Appendix F: Cloned Eukaryotic DNA},
  author = {Brenner, Sydney and Brown, Donald D. and Burris, Robert H. and Carroll, Dana and Davis, Ronald W. and Hogness, David S. and Murray, Kenneth and Valentine, Raymond C.},
  date = {1975-04-29},
  institution = {Asilomar Conference on Recombinant DNA Molecules. Eukaryotic Working Group},
  keywords = {Cognitive Biases Potentially Affecting Judgment of Global Risks},
  location = {Pacific Grove, CA},
  url = {http://profiles.nlm.nih.gov/ps/retrieve/ResourceMetadata/DJBBKD},
}

@misc{Jaenisch:1974,
  title = {Simian Virus 40 DNA Sequences in DNA of Healthy Adult Mice Derived from Preimplantation Blastocysts Injected with Viral DNA},
  author = {Jaenisch, Rudolph and Mintz, Beatrice},
  journal = {Proceedings of the National Academy of Sciences of the United States of America},
  year = {1974},
  number = {4},
  pages = {1250--1254},
  volume = {71},
  url = {http://www.pnas.org/content/71/4/1250.full.pdf},
}

@misc{DNA:Weapon,
  title = {Recombinant DNA: From Vaccines to Weapons},
  author = "{Federation of American Scientists}",
  url = {http://fas.org/biosecurity/education/dualuse/FAS_Jackson/1_B.html},
  date = {2014-12-01},
  urldate = {2015-05-08},
  organization = {Federation of American Scientists},
}

@misc{Singer:2007,
  title = {The Maxine Singer Papers},
  author = "{National Library of Medicine}",
  subtitle = {Risk, Regulation, and Scientific Citizenship: The Controversy over Recombinant DNA Research},
  journal = {Profiles in Science},
  date = {2007-12-07},
  url = {http://profiles.nlm.nih.gov/ps/retrieve/Narrative/DJ/p-nid/218},
  organization = {U.S. National Library of Medicine},
}

@misc{Bonham:2010,
  title = {New Directions},
  author = {Bonham, Valerie H. and Forrest, Debbie and Havasy, Chris and Fernandez Lynch, Holly and Miller, David G. and Pierson, Anne and Schwartz, Jason L. and Spector-Bagdady, Kayte},
  subtitle = {The Ethics of Synthetic Biology and Emerging Technologies},
  url = {http://bioethics.gov/sites/default/files/PCSBI-Synthetic-Biology-Report-12.16.10.pdf},
  date = {2010-12},
  urldate = {2010-05-15},
}

@misc{Barkstrom:1974,
  title = {Recombinant DNA and the Regulation of Biotechnology},
  author = {Barkstrom, John E.},
  subtitle = {Reflections on the Asilomar Conference, Ten years After},
  journal = {Akron Law Review},
  year = {1985},
  number = {1},
  pages = {81--126},
  volume = {19},
  url = {http://www.uakron.edu/dotAsset/01da5583-1ad4-46e3-9632-fdf3e743a5a6.pdf},
}

@misc{Toumlin:1985,
  title = {Pluralism and Responsibility in Postmodern Science},
  author = {Toumlin, Stephen E.},
  subtitle = {A seminar with Stephen E. Toulmin},
  journal = {Science, Technology, and Human Values},
  year = {1985},
  number = {1},
  pages = {28--37},
  volume = {10},
  doi = {10.1177/016224398501000105},
  url = {http://sth.sagepub.com/content/10/1/28.full.pdf},
}

@misc{Takeshita:1976,
  title = {Faculty, Students Advise NIH On New Gene Research Rules},
  author = {Takeshita, Kenichi},
  url = {http://www.thecrimson.com/article/1976/2/18/faculty-students-advise-nih-on-new/},
  organization = {The Harvard Crimson, Inc.},
  year = {1976},
}

@misc{Brante:1993,
  title = {Controversial Science},
  author = {Brante, Thomas and Fuller, Steve and Lynch, William},
  subtitle = {From Content to Contention},
  year = {1993},
  isbn = {978-0-7914-1474-3},
  location = {Albany, NY},
  publisher = {State University of New York Press},
}

@unpublished{Hogness:1977,
  title = {Letter from David S. Hogness to DeWitt Stetten, Jr},
  author = {Hogness, David S.},
  year = {1977},
  url = {http://profiles.nlm.nih.gov/ps/retrieve/ResourceMetadata/DJBBJG},
  howpublished = {Letter},
  %date = {1977-01-27},
}

@misc{Berg:2008,
  title = {Meetings that Changed the World},
  author = {Berg, Paul},
  subtitle = {Asilomar 1975: DNA Modification Secured},
  journal = {Nature},
  year = {2008},
  doi = {10.1038/455290a},
  number = {7211},
  pages = {290--291},
  volume = {455},
  url = {http://www.nature.com/nature/journal/v455/n7211/full/455290a.html},
  urldate = {2008-09-17},
}

@misc{Crotty:2001,
  title = {Ahead of the Curve},
  author = {Crotty, Shane},
  subtitle = {David Baltimore's Life in Science},
  year = {2001},
  isbn = {0-520-22557-0},
  location = {Berkeley, CA},
  publisher = {University of California Press},
}

@misc{Berg:2008a,
  title = {The Paul Berg Papers},
  author = "{National Library of Medicine}",
  subtitle = {Recombinant DNA Technologies and Researchers' Responsibilities, 1973-1980},
  url = {http://profiles.nlm.nih.gov/ps/retrieve/Narrative/CD/p-nid/260},
  date = {2008-07-28},
  urldate = {2015-05-08},
  organization = {U.S. National Library of Medicine},
}

@misc{MJ:1989,
  author = {MJ, The}, 
  title = {Human insulin: DNA technology's first drug},
  subtitle = {DNA Technology's First Drug},
  volume = {46},
  number = {11 Suppl 2},
  pages = {S9--S11},
  year = {1989},
  url = {http://www.ajhp.org/content/46/11_Suppl/S9.abstract}, 
  journal = {American journal of Health-System Pharmacy} 
}