%------ 2001-2009 ------%

@report{Yudkowsky:2001:fai,
  title = {Creating {F}riendly {AI} 1.0},
  author = {Yudkowsky, Eliezer},
  date = {2001-06-15},
  type = {Working Paper},
  institution = {The Singularity Institute, San Francisco, CA},
  subtitle = {The Analysis and Design of Benevolent Goal Architectures},
  url = {http://intelligence.org/files/CFAI.pdf},
  ids = {Yudkowsky:2001:CreateFAI},
}

@report{Yudkowsky:2004:cev,
  title = {Coherent Extrapolated Volition},
  author = {Yudkowsky, Eliezer},
  date = {2004-05},
  institution = {The Singularity Institute, San Francisco, CA},
  type = {Working Paper},
  url = {http://intelligence.org/files/CEV.pdf},
  ids = {Yudkowsky:2004:CoherentVolition},
}

@incollection{Yudkowsky:2007:levels,
  title = {Levels of Organization in General Intelligence},
  author = {Yudkowsky, Eliezer},
  pages = {389--501},
  crossref = {Goertzel:2007},
  ids = {Yudkowsky:2007a,udkowsky:2007:LevelsOfOrg},
}

@incollection{Yudkowsky:2008:cognitive,
  title = {Cognitive Biases Potentially Affecting Judgement of Global Risks},
  author = {Yudkowsky, Eliezer},
  pages = {91--119},
  crossref = {Bostrom:2008},
  ids = {Yudkowsky:2008a,Yudkowsky:2008:CogBias},
}

@incollection{Yudkowsky:2008:positive,
  title = {Artificial Intelligence as a Positive and Negative Factor in Global Risk},
  author = {Yudkowsky, Eliezer},
  pages = {308--345},
  crossref = {Bostrom:2008},
  ids = {Yudkowsky:2008,Yudkowsky:2008:AIGlobalRisk},
}

@inproceedings{Shulman:2009:which,
  title = {Which Consequentialism? {M}achine Ethics and Moral Divergence},
  author = {Shulman, Carl and Jonsson, Henrik and Tarleton, Nick},
  crossref = {Reynolds:2009},
  pages = {23--25},
  ids = {Shulman:2009:WhichConsequentialism},
}

@inproceedings{Shulman:2009:machine,
  title = {Machine Ethics and Superintelligence},
  author = {Shulman, Carl and Jonsson, Henrik and Tarleton, Nick},
  crossref = {Reynolds:2009},
  pages = {95--97},
  ids = {Shulman:2009a,Shulman:2009:MachineEthics},
}

@unpublished{Shulman:2009:arms,
  title = {Arms Control and Intelligence Explosions},
  author = {Shulman, Carl},
  date = {2009-07-02/2009-07-04},
  howpublished = {7th European Conference on Computing and Philosophy (ECAP)},
  location = {Bellaterra, Spain},
  ids = {Shulman:2009b,Shulman:2009:ArmsControlIE},
}

@unpublished{Rayhawk:2009:frame,
  title = {Changing the Frame of {AI} Futurism},
  author = {Rayhawk, Stephen and Salamon, Anna and McCabe, Thomas and Anissimov, Michael and Nelson, Rolf},
  date = {2009-07-02/2009-07-04},
  howpublished = {7th European Conference on Computing and Philosophy (ECAP)},
  location = {Bellaterra, Spain},
  subtitle = {From Storytelling to Heavy-Tailed, High-Dimensional Probability Distributions},
  ids = {Rayhawk:2009:FrameOfAI},
}

@report{deBlanc:2009:convergence,
  title = {Convergence of Expected Utility for {U}niversal {A}rtificial {I}ntelligence},
  author = {de Blanc, Peter},
  institution = {Machine Intelligence Research Institute},
  location = {Berkeley, CA},
  type = {Working Paper},
  year = {2013},
  url = {https://intelligence.org/files/Convergence-EU.pdf},
  ids = {deBlanc:2009:ConvergenceUtilityUAI},
}


%------ 2010 ------%

@report{Yudkowsky:2010:reducing,
  title = {Reducing Long-Term Catastrophic Risks from Artificial Intelligence},
  author = {Yudkowsky, Eliezer and Shulman, Carl and Salamon, Anna and Nelson, Rolf and Kaas, Steven and Rayhawk, Steve and McCabe, Tom},
  year = {2010},
  type = {Working Paper},
  institution = {Machine Intelligence Research Institute},
  location = {Berkeley, CA},
  url = {https://intelligence.org/files/ReducingRisks.pdf},
  ids = {Yudkowsky:2010c,Yudkowsky:2010:ReducingRiskAI},
}

@report{Yudkowsky:2010:TDT,
  title = {Timeless Decision Theory},
  author = {Yudkowsky, Eliezer},
  institution = {The Singularity Institute, San Francisco, CA},
  year = {2010},
  url = {http://intelligence.org/files/TDT.pdf},
  ids = {Yudkowsky:2010},
}

@report{Tarleton:2010:cev,
  title = {Coherent Extrapolated Volition},
  author = {Tarleton, Nick},
  institution = {The Singularity Institute, San Francisco, CA},
  year = {2010},
  subtitle = {A Meta-Level Approach to Machine Ethics},
  url = {http://intelligence.org/files/CEV-MachineEthics.pdf},
  ids = {Tarleton:2010:ExtrapVolition},
}

@inproceedings{Sotala:2010:mostly,
  title = {From Mostly Harmless to Civilization-Threatening},
  author = {Sotala, Kaj},
  crossref = {Mainzer:2010},
  subtitle = {Pathways to Dangerous Artificial Intelligences},
  ids = {Sotala:2010:MostlyHarmless},
}

@inproceedings{Shulman:2010:implications,
  title = {Implications of a Software-Limited Singularity},
  author = {Shulman, Carl and Sandberg, Anders},
  crossref = {Mainzer:2010},
  ids = {Shulman:2010:SoftLimitSingularity},
}

@report{Shulman:2010:whole,
  title = {Whole Brain Emulation and the Evolution of Superorganisms},
  author = {Shulman, Carl},
  institution = {The Singularity Institute, San Francisco, CA},
  year = {2010},
  url = {http://intelligence.org/files/WBE-Superorgs.pdf},
  ids = {Shulman:2010a,Shulman:2010:WholeBrainEm},
}

@report{Shulman:2010:omohundro,
  title = {Omohundro's \mkbibquote{Basic AI Drives} and Catastrophic Risks},
  author = {Shulman, Carl},
  institution = {The Singularity Institute, San Francisco, CA},
  year = {2010},
  url = {http://intelligence.org/files/BasicAIDrives.pdf},
  ids = {Shulman:2010b,Shulman:2010:AIDrivesRisk},
}

@inproceedings{Salamon:2010:IntelligibleIntel,
  title = {How Intelligible is Intelligence?},
  author = {Salamon, Anna and Rayhawk, Steve and Kram{\'{a}}r, J{\'{a}}nos},
  crossref = {Mainzer:2010},
}

@report{Kaas:2010:economic,
  title = {Economic Implications of Software Minds},
  author = {Kaas, Steven and Rayhawk, Steve and Salamon, Anna and Salamon, Peter},
  date = {2010-08-10},
  institution = {The Singularity Institute, San Francisco, CA},
  url = {http://intelligence.org/files/EconomicImplications.pdf},
  ids = {Kaas:2010:SoftwareMinds},
}

@inproceedings{Fox:2010:benevolence,
  title = {Superintelligence Does Not Imply Benevolence},
  author = {Fox, Joshua and Shulman, Carl},
  crossref = {Mainzer:2010},
}



%------ 2011 ------%

@report{Yudkowsky:2011:complex,
  title = {Complex Value Systems are Required to Realize Valuable Futures},
  author = {Yudkowsky, Eliezer},
  institution = {The Singularity Institute, San Francisco, CA},
  year = {2011},
  url = {http://intelligence.org/files/ComplexValues.pdf},
  ids = {Yudkowsky:2011a,Yudkowsky:2011:ComplexValueFuture},
}

@inproceedings{Dewey:2011:learning,
  title = {Learning What to Value},
  author = {Dewey, Daniel},
  year = {2011},
  crossref = {Schmidhuber:2011},
  pages = {309--314},
  ids = {Dewey:2011:LearningValue},
}

@report{de-Blanc:2011:ontological,
  title = {Ontological Crises in Artificial Agents' Value Systems},
  author = {{d}e Blanc, Peter},
  date = {2011-05-19},
  institution = {The Singularity Institute, San Francisco, CA},
  archivePrefix = {arXiv},
  eprint = {1105.3821},
  primaryClass = {cs.AI},
  ids = {de-Blanc:2011,de-Blanc:2011:OntologicalCrisis},
}


%------ 2012 ------%

@article{Sotala:2012:coalescing,
  title = {Coalescing Minds},
  author = {Sotala, Kaj and Valpola, Harri},
  journal = {International Journal of Machine Consciousness},
  subtitle = {Brain Uploading-Related Group Mind Scenarios},
  year = {2012},
  number = {1},
  pages = {293--312},
  volume = {4},
  ids = {Sotala:2012:CoalescingMinds},
}

@article{Sotala:2012:advantages,
  title = {Advantages of Artificial Intelligences, Uploads, and Digital Minds},
  author = {Sotala, Kaj},
  journal = {International Journal of Machine Consciousness},
  year = {2012},
  number = {1},
  pages = {275--291},
  volume = {4},
  ids = {Sotala:forthcoming,Sotala:2012a,Sotala:2012:AdvantageAI},
}

@article{Shulman:2012:howhard,
  title = {How Hard is Artificial Intelligence? {E}volutionary Arguments and Selection Effects},
  author = {Shulman, Carl and Bostrom, Nick},
  journal = {Journal of Consciousness Studies},
  year = {2012},
  number = {7--8},
  pages = {103--130},
  COMMENTurl = {http://ingentaconnect.com/content/imp/jcs/2012/00000019/F0020007/art00011},
  volume = {19},
  ids = {Shulman:forthcoming,Shulman:2012:HowHardAI},
}

@techreport{Salamon:2012:report,
  title = {Singularity Summit 2011 Workshop Report},
  author = {Salamon, Anna and Muehlhauser, Luke},
  institution = {The Singularity Institute, San Francisco, CA},
  year = {2012},
  url = {https://intelligence.org/files/AIR-Bibliography2012.pdf},
  ids = {Salamon:2012:SISummitReport},
}

@report{Muehlhauser:2012:riskbib,
  title = {{AI} Risk Bibliography 2012},
  author = {Muehlhauser, Luke},
  institution = {The Singularity Institute, San Francisco, CA},
  year = {2012},
  type = {Working Paper},
  url = {https://intelligence.org/files/SS11Workshop.pdf},
  ids = {Muehlhauser:2012f,Muehlhauser:2012:AIRiskBib},
}

@inproceedings{Hibbard:2012:support,
  title = {Decision Support for Safe {AI} Design},
  author = {Hibbard, Bill},
  crossref = {Bach:2012},
  pages = {117--125},
  ids = {Hibbard:2012a,Hibbard:2012:DecisionSupport},
}

@unpublished{Hibbard:2012:behaviors,
  title = {Avoiding Unintended {AI} Behaviors},
  author = {Hibbard, Bill},
  date = {2012-12-08/2012-12-11},
  howpublished = {5th Conference on Artificial General Intelligence (AGI--12)},
  location = {Oxford},
  url = {http://www.ssec.wisc.edu/~billh/g/hibbard_agi12a.pdf},
  urldate = {2012-12-31},
  comment = {deprecated},
  ids = {Hibbard:2012c,Hibbard:2012:AvoidingBehaviors},
}

@inproceedings{Armstrong:2012:predicting,
  title = {How We're Predicting {AI}---or Failing To},
  author = {Armstrong, Stuart and Sotala, Kaj},
  crossref = {Romportl:2012},
  pages = {52--75},
  ids = {Armstrong:2012b,Armstrong:2012:PredictingAIFailing},
}


%------ 2013 ------%

@report{Yudkowsky:2013:tiling,
  title = {Tiling Agents for Self-Modifying {AI}, and the L{\"{o}}bian Obstacle},
  author = {Yudkowsky, Eliezer and Herreshoff, Marcello},
  institution = {Machine Intelligence Research Institute},
  location = {Berkeley, CA},
  type = {Early Draft},
  year = {2013},
  url = {http://intelligence.org/files/TilingAgents.pdf},
  ids = {old-tiling,Yudkowsky:2013b,Yudkowsky:2013:TilingAgents},
}

@report{Yudkowsky:2013:procrastination,
  title = {The Procrastination Paradox},
  author = {Yudkowsky, Eliezer},
  institution = {Machine Intelligence Research Institute},
  location = {Berkeley, CA},
  year = {2013},
  url = {http://intelligence.org/files/ProcrastinationParadox.pdf},
  type = {Brief Technical Note},
  ids = {procrastination,procrastination-paradox,Yudkowsky:2013c,Yudkowsky:2013:ProcrastParadox},
}

@report{Yudkowsky:2013:microeconomics,
  title = {Intelligence Explosion Microeconomics},
  author = {Yudkowsky, Eliezer},
  institution = {Machine Intelligence Research Institute},
  location = {Berkeley, CA},
  year = {2013},
  number = {2013--1},
  series = {Technical Report},
  url = {http://intelligence.org/files/IEM.pdf},
  ids = {Yudkowsky:2013:IEMicroeco},
}

@incollection{Yudkowsky:2013:FAI,
  title = {Friendly Artificial Intelligence},
  author = {Yudkowsky, Eliezer},
  year = {2013},
  pages = {181--195},
  isbn = {978-3-642-32559-5},
  booktitle = {Singularity Hypotheses},
  booksubtitle = {A Scientific and Philosophical Assessment},
  series = {The Frontiers Collection},
  editor = {Eden, Amnon H. and Moor, James H. and S{\o}raker, Johnny H. and Steinhart, Eric},
  publisher = {Springer Berlin Heidelberg},
  ids = {Yudkowsky:2013d},
}

@article{Yampolskiy:2012:safety,
  title = {Safety Engineering for Artificial General Intelligence},
  author = {Yampolskiy, Roman V. and Fox, Joshua},
  journal = {Topoi},
  year = {2012},
  ids = {Yampolskiy:forthcoming,Yampolskiy:2012c,Yampolskiy:2012:SafeEngineerAGI},
}

@incollection{Yampolskiy:2012:model,
  title = {Artificial General Intelligence and the Human Mental Model},
  author = {Yampolskiy, Roman V. and Fox, Joshua},
  crossref = {Eden:2012},
  ids = {Yampolskiy:2012a,Yampolskiy:2012:AGIMentalModel},
}

@techreport{Stiennon:2013:recursive,
  title = {Recursively-Defined Logical Theories are Well-Defined},
  author = {Stiennon, Nisan},
  institution = {Machine Intelligence Research Institute},
  address = {Berkeley, CA},
  year = {2013},
  number = {2013--8},
  url = {http://intelligence.org/files/RecursivelyDefinedTheories.pdf},
  ids = {recursively-logical,recursive-theories,Stiennon:2013:RecursiveLogicTheory},
}

@techreport{Soares:2013:monster,
  title = {Fallenstein's Monster},
  author = {Soares, Nate},
  institution = {Machine Intelligence Research Institute},
  location = {Berkeley, CA},
  number = {2013--7},  
  year = {2013},
  url = {https://intelligence.org/files/FallensteinsMonster.pdf},
  ids = {Soares:2013:FalMonster},
}

@report{Sawin:2013:pi,
  title = {Computable Probability Distributions Which Converge on $\Pi_1$ Will Disbelieve True $\Pi_2$ Sentences},
  author = {Sawin, Will and Demski, Abram},
  institution = {Machine Intelligence Research Institute},
  location = {Berkeley, CA},
  year = {2013},
  number = {2013--10},
  url = {http://intelligence.org/files/Pi1Pi2Problem.pdf},
  ids = {sawin,pi1pi2,Sawin:2013:PiProblem},
}

@report{Muehlhauser:2013:cev,
  title = {Ideal Advisor Theories and Personal {CEV}},
  author = {Muehlhauser, Luke and Williamson, Chris},
  institution = {Machine Intelligence Research Institute},
  year = {2013},
  location = {Berkeley, CA},
  url = {http://intelligence.org/files/IdealAdvisorTheories.pdf},
  ids = {Muehlhauser:2013:AdvisorTheoryCEV},
}

@incollection{Muehlhauser:2012:evidence,
  title = {Intelligence Explosion},
  author = {Muehlhauser, Luke and Salamon, Anna},
  crossref = {Eden:2012},
  subtitle = {Evidence and Import},
  ids = {Muehlhauser:2012b,Muehlhauser:2012:IEEvidenceImport},
}

@incollection{Muehlhauser:2012:ethics,
  title = {Intelligence Explosion and Machine Ethics},
  author = {Muehlhauser, Luke and Helm, Louie},
  crossref = {Eden:2012},
  ids = {Muehlhauser:2012:IEMachineEthics},
}

@online{Muehlhauser:2011:faq,
  title = {Intelligence Explosion {FAQ}},
  author = {Muehlhauser, Luke},
  url = {http://intelligence.org/ie-faq/},
  organization = {Machine Intelligence Research Institute},
  urldate = {2015-08-26},
  year = {2013},
  ids = {Muehlhauser:2011a,Muehlhauser:2011:IEFAQ},
}

@report{Hahn:2013:induction,
  title = {Scientific Induction in Probabilistic Mathematics},
  author = {Hahn, Jeremy},
  institution = {Machine Intelligence Research Institute},
  location = {Berkeley, CA},
  year = {2013},
  type= {Brief Technical Note},
  url = {http://intelligence.org/files/ScientificInduction.pdf},
  number = {2013--4},
  ids = {hahn,Hahn:2013:InductionProbMath},
}

@techreport{Grace:2013:progress,
  title = {Algorithmic Progress in Six Domains},
  author = {Grace, Katja},
  institution = {Machine Intelligence Research Institute},
  year = {2013},
  location = {Berkeley, CA},
  number = {2013--3},
  url = {http://intelligence.org/files/AlgorithmicProgress.pdf},
  ids = {Grace:2013:AlgProgress},
}

@report{Fallenstein:2013:predicting,
  title = {Predicting {AGI}: What Can We Say When We Know So Little?},
  author = {Fallenstein, Benja and Mennen, Alex},
  institution = {Machine Intelligence Research Institute},
  location = {Berkeley, CA},
  year = {2013},
  url = {https://intelligence.org/files/PredictingAGI.pdf},
  type = {Working Paper},
  ids = {Fallenstein:2013:PredictAGI},
}

@report{Fallenstein:2014:waterfall,
  title = {An Infinitely Descending Sequence of Sound Theories each Proving the Next Consistent},
  author = {Fallenstein, Benja},
  institution = {Machine Intelligence Research Institute},
  location = {Berkeley, CA},
  year = {2014},
  url = {http://intelligence.org/files/ConsistencyWaterfall.pdf},
  type = {Brief Technical Note},
  number = {2013--6},
  ids = {consistency-waterfall,Fallenstein:2014d,Fallenstein:2014:ConsistencyWaterfall},
}

@report{Fallenstein:2014:decreasing,
  title = {Decreasing Mathematical Strength in One Formalization of Parametric Polymorphism},
  author = {Fallenstein, Benja},
  institution = {Machine Intelligence Research Institute},
  location = {Berkeley, CA},
  year = {2014},
  url = {http://intelligence.org/files/DecreasingStrength.pdf},
  type = {Brief Technical Note},
  ids = {pp-decreasing-strength,Fallenstein:2014e,Fallenstein:2014:DecreaseMathStrength},
}

@report{Fallenstein:2013:510,
  title = {The 5-and-10 Problem and the Tiling Agents Formalism},
  author = {Fallenstein, Benja},
  institution = {Machine Intelligence Research Institute},
  location = {Berkeley, CA},
  year = {2013},
  url = {https://intelligence.org/files/TilingAgents510.pdf},
  type = {Brief Technical Note},
  number = {2013--9},
  ids = {Fallenstein:2013a,Fallenstein:2013:TilingAgents510},
}

@report{Christiano:2013:definability,
  title = {Definability of Truth in Probabilistic Logic},
  author = {Christiano, Paul F. and Yudkowsky, Eliezer and Herreshoff, Marcello and B{\'{a}}r{\'{a}}sz, Mih{\'{a}}ly},
  date = {2013-04-02},
  type = {Early Draft},
  institution = {Machine Intelligence Research Institute},
  location = {Berkeley, CA},
  url = {https://intelligence.org/files/DefinabilityTruthDraft.pdf},
  ids = {Christiano:2013:DefineTruthProb},
}

@report{Altair:2013:newcomb,
  title = {A Comparison of Decision Algorithms on Newcomblike Problems},
  author = {Altair, Alex},
  year = {2013},
  institution = {Machine Intelligence Research Institute},
  location = {Berkeley, CA},
  url = {http://intelligence.org/files/Comparison.pdf},
  ids = {Altair:2013,Altair:2013:ComparisonNewcomb},
}

@book{Muehlhauser:2013:facing,
  title = {Facing the Intelligence Explosion},
  author = {Muehlhauser, Luke},
  year = {2013},
  location = {Berkeley, CA},
  publisher = {Machine Intelligence Research Institute},
  url = {http://intelligenceexplosion.com/},
  ids = {Muehlhauser:2013a,Muehlhauser:2013:FacingIE},
}

@book{Hanson:2013:FoomDebate,
  title = {The {H}anson-{Y}udkowsky {AI}-Foom Debate},
  author = {Hanson, Robin and Yudkowsky, Eliezer},
  year = {2013},
  location = {Berkeley, CA},
  publisher = {Machine Intelligence Research Institute},
  url = {http://intelligence.org/files/AIFoomDebate.pdf},
}


%------ 2014 ------%

@techreport{Yudkowsky:2014:tiling,
  title = {Distributions Allowing Tiling of Staged Subjective {EU} Maximizers},
  author = {Yudkowsky, Eliezer},
  institution = {Machine Intelligence Research Institute},
  location = {Berkeley, CA},
  number = {2014--1},
  date = {2014-05-11},
  urldate = {2014-05-31},
  userd = {revised},
  url = {http://intelligence.org/files/DistributionsAllowingTiling.pdf},
  ids = {tiling-distributions,Yudkowsky:2014a,Yudkowsky:2014:DistribTiling},
}

@article{Sotala:2013:survey,
  author = {Sotala, Kaj and Yampolskiy, Roman V.},
  title = {Responses to Catastrophic {AGI} Risk: A Survey},
  journal = {Physica Scripta},
  volume = {90},
  number = {1},
  pages = {018001},
  url = {http://stacks.iop.org/1402-4896/90/i=1/a=018001},
  year = {2014},
  publisher = {IOP Publishing},
  COMMENTnote = {formerly published as technical report 2013--2},
  ids = {Sotala:2013:ResponseAGIRiskSurvey},
}

@techreport{Soares:2014:botworld,
  title = {Botworld 1.1},
  author = {Soares, Nate and Fallenstein, Benja},
  institution = {Machine Intelligence Research Institute},
  location = {Berkeley, CA},
  number = {2014--2},  
  year = {2014},
  url = {http://machine-intelligence.github.io/Botworld/Botworld.pdf},
  ids = {botworld,Soares:2014d,Soares:2014:Botworld1.1},
}

@techreport{Soares:2014:tiling,
  title = {Tiling Agents in Causal Graphs},
  author = {Soares, Nate},
  institution = {Machine Intelligence Research Institute},
  location = {Berkeley, CA},
  number = {2014--5},  
  year = {2014},
  url = {https://intelligence.org/files/TilingAgentsCausalGraphs.pdf},
  ids = {Soares:2014i,Soares:2014:TilingAgentsGraph},
}

@article{Shulman:2014:embryo,
  title = {Embryo Selection for Cognitive Enhancement: Curiosity or Game-Changer?},
  author = {Schulman, Carl and Bostrom, Nick},
  year = {2014},
  journal = {Global Policy},
  volume = {5},
  number = {1},
  pages = {85--92},
  url = {https://intelligence.org/files/EmbryoSelection.pdf},
  ids = {Shulman:2014:EmbryoSelection},
}

@article{Muehlhauser:2014:exploratory,
  title = {Exploratory Engineering in {AI}},
  author = {Muehlhauser, Luke and Hibbard, Bill},
  year = {2014},
  journal = {Communications of the ACM},
  volume = {57},
  number = {9},
  pages = {32--34},
  url = {https://intelligence.org/files/ExploratoryEngineeringAI.pdf},
  ids = {Muehlhauser:2014a,Muehlhauser:2014:ExploratoryEngAI},
}

@article{Muehlhauser:2014:fai,
  title = {Why We Need {F}riendly {AI}},
  author = {Muehlhauser, Luke and Bostrom, Nick},
  journal = {Think},
  volume = {13},
  number = {36},
  pages = {41--47},
  year = {2014},
  ids = {Muehlhauser:2014:WhyNeedFAI},
}

@inproceedings{LaVictoire:2014:program,
  title = {Program Equilibrium in the Prisoner's Dilemma via {L}{\"{o}}b's {T}heorem},
  author = {LaVictoire, Patrick and Fallenstein, Benja and Yudkowsky, Eliezer and B{\'{a}}r{\'{a}}sz, Mih{\'{a}}ly and Christiano, Paul and Herreshoff, Marcello},
  year = {2014},
  booktitle = {Multiagent Interaction without Prior Coordination: Papers from the AAAI-14 Workshop},
  publisher = {AAAI Publications},
  COMMENTurl = {http://www.aaai.org/ocs/index.php/WS/AAAIW14/paper/view/8833},
  ids = {LaVictoire:2014,LaVictoire:2014:PrisDilemmaLob},
}

@report{Fallenstein:2014:loudness,
  title = {\mkbibquote{Loudness}},
  author = {Fallenstein, Benja and Stiennon, Nisan},
  institution = {Machine Intelligence Research Institute},
  location = {Berkeley, CA},
  year = {2014},
  subtitle = {On Priors over Preference Relations},
  url = {http://intelligence.org/files/LoudnessPriors.pdf},
  type = {Brief Technical Note},
  ids = {loudness,Fallenstein:2014f,Fallenstein:2014:Loudness},
}

@inproceedings{Fallenstein:2014:problems,
  title = {Problems of Self-Reference in Self-Improving Space-Time Embedded Intelligence},
  author = {Fallenstein, Benja and Soares, Nate},
  crossref = {Goertzel:2014},
  pages = {21--32},
  ids = {diagonalization-stei,diagonalization-in-stei,Fallenstein:2014:SelfReferenceEmbedIntel},
}

@report{Fallenstein:2014:procrastination,
  title = {Procrastination in Probabilistic Logic},
  author = {Fallenstein, Benja},
  institution = {Machine Intelligence Research Institute},
  location = {Berkeley, CA},
  year = {2014},
  url = {http://intelligence.org/files/ProbabilisticLogicProcrastinates.pdf},
  type = {Working Paper},
  ids = {probabilistic-logic-procrastinates,problogx,Fallenstein:2014c,Fallenstein:2014:ProcrastinationProbLogic},
}

@techreport{Christiano:2014:omniscience,
  title = {Non-Omniscience, Probabilistic Inference, and Metamathematics},
  author = {Christiano, Paul},
  institution = {Machine Intelligence Research Institute},
  location = {Berkeley, CA},
  number = {2014--3},
  year = {2014},
  url = {http://intelligence.org/files/Non-Omniscience.pdf},
  ids = {christiano,non-omniscience,Christiano:2014a,Christiano:2014:NonOmniscience},
}

@incollection{Bostrom:2014:ethics,
  title = {The Ethics of Artificial Intelligence},
  author = {Bostrom, Nick and Yudkowsky, Eliezer},
  editor = {Frankish, Keith and Ramsey, William M.},
  year = {2014},
  booktitle = {The Cambridge Handbook of Artificial Intelligence},
  address = {New York},
  publisher = {Cambridge University Press},
  ids = {Bostrom:2014a,Bostrom:2014:EthicsAI,Bostrom:forthcomingb},
}

@techreport{Benson-Tilsen:2014:udt,
  title = {{UDT} with Known Search Order},
  author = {Benson-Tilsen, Tsvi},
  institution = {Machine Intelligence Research Institute},
  location = {Berkeley, CA},
  number = {2014--4},
  year = {2014},
  url = {http://intelligence.org/files/UDTSearchOrder.pdf},
  ids = {chicken,tsvi,Benson-Tilsen:2014,Benson-Tilsen:2014:UDTSearchOrder},
}

@article{Barasz:2014:robust,
  title = {Robust Cooperation in the Prisoner's Dilemma},
  author = {B{\'{a}}r{\'{a}}sz, Mih{\'{a}}ly and LaVictoire, Patrick and Christiano, Paul F. and Fallenstein, Benja and Herreshoff, Marcello and Yudkowsky, Eliezer},
  year = {2014},
  subtitle = {Program Equilibrium via Provability Logic},
  archivePrefix = {arXiv},
  eprint = {1401.5577},
  primaryClass = {cs.GT},
  ids = {LaVictoire:2013,LaVictoire:2013:RobustCooperation,Barasz:2014:RobustCooperation},
}

@article{Armstrong:2014:famous,
  author = {Armstrong, Stuart and Sotala, Kaj and {\'{O}}h{\'{E}}igeartaigh, Se{\'{a}}n S.},
  title = {The errors, insights and lessons of famous {AI} predictions---and what they mean for the future},
  journal =  {Journal of Experimental \& Theoretical Artificial Intelligence},
  volume = {26},
  number = {3},
  pages = {317--342},
  year = {2014},
  publisher = {Taylor \& Francis},
  ids = {Armstrong:2014:ErrorsInsightsFamousAI},
}

@book{Armstrong:2014:smarter,
  title = {Smarter Than Us},
  subtitle = {The Rise of Machine Intelligence},
  author = {Armstrong, Stuart},
  year = {2014},
  location = {Berkeley, CA},
  publisher = {Machine Intelligence Research Institute},
}


%------ 2015 ------%

@book{Yudkowsky:2015:rationality,
  title = {Rationality: From AI to Zombies},
  author = {Yudkowsky, Eliezer},
  year = {2015},
  location = {Berkeley, CA},
  publisher = {Machine Intelligence Research Institute},
}

@inproceedings{Sotala:2015:concept,
  title = {Concept Learning for Safe Autonomous {AI}},
  author = {Sotala, Kaj},
  year = {2015},
  booktitle = {1st International Workshop on {AI} and Ethics at {AAAI}-2015},
  location = {Austin, TX},
  COMMENTurl = {http://aaai.org/ocs/index.php/WS/AAAIW15/paper/view/10131},
  ids = {Sotala:2015:ConceptLearningAI},
}

@inproceedings{Soares:2015:corrigibility,
  title = {Corrigibility},
  author = {Soares, Nate and Fallenstein, Benja and Yudkowsky, Eliezer and Armstrong, Stuart},
  booktitle = {1st International Workshop on {AI} and Ethics at {AAAI}-2015},
  year = {2015},
  location = {Austin, TX},
  COMMENTurl = {http://aaai.org/ocs/index.php/WS/AAAIW15/paper/view/10124},
  ids = {corrigibility, Soares:2015d,Soares:2015:Corrigibility},
}

@inproceedings{Soares:2015:counter,
  title = {Two Attempts to Formalize Counterpossible Reasoning in Deterministic Settings},
  author = {Soares, Nate and Fallenstein, Benja},
  pages = {156--165},
  crossref = {Bieger:2015},
  url = {https://intelligence.org/files/CounterpossibleReasoning.pdf},
  ids = {Soares:2015e,Soares:2015:CounterpossibleReasoning},
}

@article{Soares:2015:toward,
  author = {Soares, Nate and Fallenstein, Benja},
  title = {Toward Idealized Decision Theory},
  year = {2015},
  howpublished = {Preprint},
  archivePrefix = {arxiv},
  primaryClass = {cs.AI},
  eprint = {1507.01986},
  ids = {Soares:2014b,Soares:2015f,Soares:2015:TowardIDT},
}

@techreport{Soares:2015:questions,
  title = {Questions of Reasoning Under Logical Uncertainty},
  author = {Soares, Nate and Fallenstein, Benja},
  year = {2015},
  institution = {Machine Intelligence Research Institute},
  location = {Berkeley, CA},
  number = {2015--1},
  url = {https://intelligence.org/files/QuestionsLogicalUncertainty.pdf},
  ids = {lu,Soares:2014c,Soares:2015,Soares:2015:QuestionsLogicUncertainty},
}

@techreport{Soares:2015:models,
  title = {Formalizing Two Problems of Realistic World-Models},
  author = {Soares, Nate},
  year = {2015},
  institution = {Machine Intelligence Research Institute},
  location = {Berkeley, CA},
  number = {2015--3},
  url = {https://intelligence.org/files/RealisticWorldModels.pdf},
  ids = {wm, Soares:2014a, Soares:2015a,Soares:2015:2RealisticWorldModels},
}

@techreport{Soares:2015:alignbib,
  title = {Aligning Superintelligence with Human Interests},
  subtitle = {An Annotated Bibliography},
  author = {Soares, Nate},
  year = {2015},
  institution = {Machine Intelligence Research Institute},
  location = {Berkeley, CA},
  number = {2015--5},
  url = {https://intelligence.org/files/AnnotatedBibliography.pdf},
  ids = {Soares:2015c,Soares:2015:AligningSuperintelBib},
}

@techreport{LaVictoire:2015:lobintro,
  title = {An Introduction to {L}{\"{o}}b's {T}heorem in {MIRI} Research},
  author = {LaVictoire, Patrick},
  institution = {Machine Intelligence Research Institute},
  year = {2015},
  location = {Berkeley, CA},
  number = {2015--6},
  url = {https://intelligence.org/files/lob-notes-IAFF.pdf},
  ids = {LaVictoire:2015:LobTheoremIntro},
}

@techreport{Grace:2015:nuclear,
  title = {Le{\'{o}} Szil{\'{a}}rd and the Danger of Nuclear Weapons},
  subtitle = {A Case Study in Risk Mitigation},
  author = {Grace, Katja},
  institution = {Machine Intelligence Research Institute},
  year = {2015},
  location = {Berkeley, CA},
  number = {2015--10},
  url = {http://intelligence.org/files/SzilardNuclearWeapons.pdf},
  ids = {Grace:2015a,Grace:2015:SzilardNuclear},
}


@techreport{Grace:2015:bio,
  title = {The Asilomar Conference},
  subtitle = {A Case Study in Risk Mitigation},
  author = {Grace, Katja},
  institution = {Machine Intelligence Research Institute},
  year = {2015},
  location = {Berkeley, CA},
  number = {2015--9},
  url = {http://intelligence.org/files/TheAsilomarConference.pdf},
  ids = {Grace:2015:AsilomarBio},
}

@inproceedings{Fallenstein:2015:oraclesai,
  title = {Reflective Oracles: A Foundation for Game Theory in Artificial Intelligence},
  author = {Fallenstein, Benja and Taylor, Jessica and Christiano, Paul F.},
  booktitle = {Logic, Rationality, and Interaction},
  editor = {van der Hoek, Wiebe and Holliday, Wesley H. and  Wang, Wen-fang},
  year = {2015},
  booksubtitle = {5th International Workshop, LORI 2015},
  pages = {411--415},
  publisher = {Springer Berlin Heidelberg},
  series = {Lecture Notes in Computer Science},
  volume = {9394},
  ids = {Fallenstein:2015a,Fallenstein:2015:RefOraclesAI},
}

@misc{Fallenstein:2015:oraclesgt,
  title = {Reflective Oracles: A Foundation for Classical Game Theory},
  howpublished = {Preprint},
  author = {Fallenstein, Benja and Taylor, Jessica and Christiano, Paul F.},
  year = {2015},
  howpublished = {Preprint},
  archivePrefix = {arXiv},
  eprint = {1508.04145},
  primaryClass = {cs.AI},
  note = {This is an extended version of \cite{Fallenstein:2015:RefOraclesAI}.},
  ids = {Fallenstein:2015c,Fallenstein:2015:RefOraclesGT},
}

@inproceedings{Fallenstein:2015:variants,
  title = {Reflective Variants of Solomonoff Induction and {AIXI}},
  author = {Fallenstein, Benja and Soares, Nate and Taylor,Jessica},
  pages = {60--69},
  crossref = {Bieger:2015},
  url = {https://intelligence.org/files/ReflectiveSolomonoffAIXI.pdf},
  ids = {Fallenstein:2015b,Fallenstein:2015:SolomonoffAIXI},
}

@techreport{Fallenstein:2015:vingean,
  title = {Vingean Reflection},
  author = {Fallenstein, Benja and Soares, Nate},
  year = {2015},
  subtitle = {Reliable Reasoning for Self-Improving Agents},
  institution = {Machine Intelligence Research Institute},
  location = {Berkeley, CA},
  number = {2015--2},
  url = {https://intelligence.org/files/VingeanReflection.pdf},
  ids = {vr,Fallenstein:2014a,Fallenstein:2015:VingeanRef},
}

@incollection{Fallenstein:2015:hol,
  author = {Fallenstein, Benja and Kumar, Ramana},
  title = {Proof-Producing Reflection for {HOL}},
  year = {2015},
  COMMENTisbn = {978-3-319-22101-4},
  booktitle = {Interactive Theorem Proving: 6th International Conference, ITP 2015},
  volume = {9236},
  series = {Lecture Notes in Computer Science},
  editor = {Urban, Christian and Zhang, Xingyuan},
  COMMENTurl = {http://dx.doi.org/10.1007/978-3-319-22102-1_11},
  publisher = {Springer International Publishing},
  pages = {170--186},
  ids = {Fallenstein:2015d,Fallenstein:2015:ReflectionHOL},
}

@article{Armstrong:2015:precipice,
  author = {Armstrong, Stuart and Bostrom, Nick and Shulman, Carl},
  title = {Racing to the Precipice: A Model of Artificial Intelligence Development},
  journal = {AI \& Society},
  year = {2015},
  pages = {1--6},
  COMMENTurl = {http://dx.doi.org/10.1007/s00146-015-0590-y},
  ids = {Armstrong:2013a,Armstrong:2013:RacePrecipice},
}

%------ 2016 ------%

@techreport{Taylor:2016:align,
  title = {Alignment for Advanced Machine Learning Systems},
  author = {Taylor, Jessica and Yudkowsky, Eliezer and LaVictoire, Patrick and Critch, Andrew},
  year = {2016},
  institution = {Machine Intelligence Research Institute},
  location = {Berkeley, CA},
  number = {2016--1},
  url = {https://intelligence.org/files/AlignmentMachineLearning.pdf},
}

@inproceedings{Taylor:2015:quantilizers,
  author = {Taylor, Jessica},
  title = {Quantilizers: A Safer Alternative to Maximizers for Limited Optimization},
  year = {2015},
  COMMENTurl = {http://aaai.org/ocs/index.php/WS/AAAIW16/paper/view/12613/12354},
  booktitle = {2nd International Workshop on {AI}, Ethics and Society at {AAAI}-2016},
  location = {Phoenix, AZ},
  COMMENTnote = {technical report 2015--12},
  ids = {Taylor:2015:Quantilizers},
}

@inproceedings{Sotala:2016:valuelearn,
  title = {Defining Human Values for Value Learners},
  author = {Sotala, Kaj},
  year = {2016},
  COMMENTurl = {http://www.aaai.org/ocs/index.php/WS/AAAIW16/paper/view/12633},
  booktitle = {2nd International Workshop on {AI}, Ethics and Society at {AAAI}-2016},
  location = {Phoenix, AZ},
  ids = {Sotala:2015a,Sotala:2015:DefValuesLearners,Sotala:2015:valuelearn},
}

@inproceedings{Soares:2015:value,
  title = {The Value Learning Problem},
  author = {Soares, Nate},
  year = {2016},
  booktitle = {Ethics for Artificial Intelligence Workshop at {IJCAI-16}},
  location = {New York, NY},
  COMMENTnote = {Formerly published as tech report 2015--4 https://intelligence.org/files/ValueLearningProblem.pdf},
  ids = {vl,Soares:2014g,Soares:2015b,Soares:2015:ValueLearningProblem},
}

@inproceedings{Orseau:2016:interruptibility,
  title = {Safely Interruptible Agents},
  author = {Orseau, Laurent and Armstrong, Stuart},
  booktitle = {Uncertainty in Artificial Intelligence},
  booksubtitle = {32nd Conference ({UAI} 2016)},
  location = {Jersey City, New Jersey, USA},
  editor = {Alexander Ihler and Dominik Janzing},
  pages = {557--566},
  year = {2016},
  COMMENTurl = {http://www.auai.org/uai2016/proceedings/papers/68.pdf},
}

@inproceedings{Leike:2016:grain,
  title = {A Formal Solution to the Grain of Truth Problem},
  author = {Leike, Jan and Taylor, Jessica and Fallenstein, Benya},
  booktitle = {Uncertainty in Artificial Intelligence},
  booksubtitle = {32nd Conference ({UAI} 2016)},
  location = {Jersey City, New Jersey, USA},
  editor = {Alexander Ihler and Dominik Janzing},
  pages = {427--436},
  year = {2016},
  COMMENTurl = {http://www.auai.org/uai2016/proceedings/papers/87.pdf},
}

@article{Garrabrant:2015:ic,
  author = {Garrabrant, Scott and Fallenstein, Benya and  Demski, Abram and Soares, Nate},
  title = {Inductive Coherence},
  year = {2016},
  archivePrefix = {arXiv},
  eprint = {1604.05288},
  primaryClass = {cs.AI},
  ids = {Garrabrant:2015:uc,Garrabrant:2016:UniformCoherence},
  COMMENTnote = {Formerly titled ``Uniform Coherence''}
}

@article{Garrabrant:2015:ac,
  author = {Garrabrant, and Soares, Nate and Taylor, Jessica},
  title = {Asymptotic Convergence in Online Learning with Unbounded Delays},
  year = {2016},
  archivePrefix = {arXiv},
  eprint = {1604.05280},
  primaryClass = {cs.LG},
}

@inproceedings{Garrabrant:2016:alu,
  author = {Garrabrant, Scott and Benson-Tilsen, Tsvi and Bhaskar, Siddharth and Demski, Abram and Garrabrant, Joanna and Koleszarik, George and Lloyd, Evan},
  editor = {Steunebrink, Bas and Wang, Pei and Goertzel, Ben},
  title = {Asymptotic Logical Uncertainty and the {B}enford Test},
  booktitle = {9th Conference on Artificial General Intelligence ({AGI}-16)},
  year = {2016},
  publisher = {Springer International Publishing},
  pages = {202--211},
  volume = {9782},
  series = {Lecture Notes in Artificial Intelligence},
  ids = {Garrabrant:2015:BenfordTest,Garrabrant:2015:alu},
}

@article{Critch:2015:plob,
  author = {Critch, Andrew},
  title = {Parametric Bounded L{\"{o}}b's Theorem and Robust Cooperation of Bounded Agents},
  year = {2016},
  archivePrefix = {arXiv},
  eprint = {1510.03370},
  primaryClass = {cs.GT},
}

@inproceedings{Benson-Tilsen:2016:convergent,
  author = {Benson-Tilsen, Tsvi and Soares, Nate},
  title = {Formalizing Convergent Instrumental Goals},
  year = {2016},
  COMMENTurl = {http://www.aaai.org/ocs/index.php/WS/AAAIW16/paper/view/12634},
  booktitle = {2nd International Workshop on {AI}, Ethics and Society at {AAAI}-2016},
  location = {Phoenix, AZ},
  COMMENTnote = {technical report 2015--13},
  ids = {Benson-Tilsen:2015:ConvergentInstrumental,Benson-Tilsen:2015:convergent},
}


%------ Recent Publications ------%

@article{Kosoy:2016:optimal,
  title = {Optimal Polynomial-Time Estimators: A Bayesian Notion of Approximation Algorithm},
  author = {Vadim Kosoy},
  archivePrefix = {arXiv},
  eprint = {1608.04112},
  primaryClass = {cs.CC},
  year = {2016},
}

@article{Garrabrant:2016:li,
  title = {Logical Induction},
  author = {Scott Garrabrant and Tsvi Benson-Tilsen and Andrew Critch and Nate Soares and Jessica Taylor},
  archivePrefix = {arXiv},
  eprint = {1609.03543},
  primaryClass = {cs.AI},
  year = {2016},
  type = {Working Paper},
}

@techreport{Garrabrant:2016:liabridged,
  title = {Logical Induction (Abridged)},
  author = {Scott Garrabrant and Tsvi Benson-Tilsen and Andrew Critch and Nate Soares and Jessica Taylor},
  institution = {Machine Intelligence Research Institute},
  location = {Berkeley, CA},
  number = {2016--2},
  year = {2016},
  url = {https://intelligence.org/files/LogicalInductionAbridged.pdf},
  ids = {Garrabrant:2016:LogicalInductionAbridged},
}

%UPDATE
@incollection{Soares:2015:align,
  title = {Agent Foundations for Aligning Machine Intelligence with Human Interests},
  author = {Soares, Nate and Fallenstein, Benja},
  subtitle = {A Technical Research Agenda},
  year = {\autocap{f}orthcoming},
  crossref = {Miller:2017},
  COMMENTnote = {technical report 2014?-8},
  ids = {Soares:2015g,Soares:2014,Soares:2015:AligningSuperintel},
}


%------ UNPUBLISHED (Not on All Publications) ------%

@collection{Miller:2017,
  title = {The Technological Singularity: Managing the Journey},
  editor = {Callaghan, Victor and Miller, Jim and Yampolskiy, Roman and Armstrong, Stuart}, 
  year = {\autocap{f}orthcoming},
  publisher = {Springer},
  volume = {2},
  series = {The Frontiers Collection},
}

@report{Soares:2016:counterfactual,
  title = {Failures of Counterfactual Reasoning in Decision Theory},
  author = {Soares, Nate and Fallenstein, Benya and Bensinger, Rob},
  year = {2016},
  institution = {Machine Intelligence Research Institute},
  location = {Berkeley, CA},
  type = {Early Draft},
  ids = {Soares:2016:FailuresOfCounterfactual},
}
